<?xml version="1.0" encoding="UTF-8"?>
<collection xmlns="http://www.loc.gov/MARC21/slim">
    <record>
        <controlfield tag="001">396593</controlfield>
        <controlfield tag="005">20190726090501.0</controlfield>
        <datafield tag="035" ind1=" " ind2=" ">
            <subfield code="a">repository/55233</subfield>
        </datafield>
        <datafield tag="041" ind1="0" ind2="7">
            <subfield code="a">cze</subfield>
        </datafield>
        <datafield tag="046" ind1=" " ind2=" ">
            <subfield code="k">2019-07-10</subfield>
        </datafield>
        <datafield tag="245" ind1="0" ind2="0">
            <subfield code="a">Využití arteterapeutických přístupů při výuce výtvarné výchovy na 1.stupni ZŠ</subfield>
            <subfield code="b">Use of arteterapeutical approaches in art education at elementary school</subfield>
        </datafield>
        <datafield tag="300" ind1=" " ind2=" ">
            <subfield code="a">90 s. (123 325 znaků)</subfield>
        </datafield>
        <datafield tag="500" ind1=" " ind2=" ">
            <subfield code="a">KNĚZOVÁ, Michaela. Využití arteterapeutických přístupů při výuce výtvarné výchovy na
                1.stupni ZŠ. Č. Budějovice, 2019. bakalářská práce (Bc.). JIHOČESKÁ UNIVERZITA V ČESKÝCH BUDĚJOVICÍCH.
                Pedagogická fakulta
            </subfield>
        </datafield>
        <datafield tag="502" ind1=" " ind2=" ">
            <subfield code="a">2019-07-10</subfield>
            <subfield code="b">Bc.</subfield>
            <subfield code="c">JIHOČESKÁ UNIVERZITA V ČESKÝCH BUDĚJOVICÍCH</subfield>
            <subfield code="g">Bachelor</subfield>
        </datafield>
        <datafield tag="520" ind1=" " ind2=" ">
            <subfield code="a">Práce pojednává o výtvarném vzdělávání na základní škole a o jeho propojení s
                arteterapií. Uvádí se požadavky na žáka a stanovení úspěšnosti, o fenoménu výtvarného projevu a jeho
                znacích v dětském projevu, komunikaci ve výtvarném projevu a ve výchově, imaginaci, vývoji výtvarného
                projevu a kognitivním vývoji dítěte a krizi ve výtvarném projevu. Dále pokračuje seznámením s
                východisky, přístupy a metodami arteterapie. Podrobně se zabývá projektivně intervenční arteterapií,
                která je založena na výtvarném ontogenetickém pojetí, její metodikou a metodikou používanou při vedení
                ve výtvarné výchově. Stručně pojednává o artefiletice, která je jedním z přístupů ve výtvarném
                vzdělávání. Dále v praktické části seznamuje s konkrétním využitím arteterapie s žáky během výuky
                výtvarné výchovy formou kazuistiky a popisu výtvarné činnosti. Popsána jsou témata zadávaná při
                výtvarném vedení a též různé alternativy metodického vedení a hodnocení posunu ve výtvarném vývoji.
            </subfield>
            <subfield code="9">cze</subfield>
        </datafield>
        <datafield tag="520" ind1=" " ind2=" ">
            <subfield code="a">The thesis deals with art education at primary school and its connection with art
                therapy. Requirements for the pupil and the determination of success, the phenomenon of artistic
                ex-pression and its features in children's expression, communication in art expression and in
                edu-cation, imagination, development of artistic expression and cognitive development of the child and
                crisis in artistic expression are mentioned. It also continues with the introduction to the approaches,
                approaches and methods of art therapy. It deals in detail with the design-interventional art therapy,
                which is based on the art ontogenetic conception, its methodology and methodology used in leading in art
                education. It briefly discusses artefiletics, which is one of the approaches in art education.
                Furthermore, in the practical part introduces the specific use of art therapy with pupils during the
                education of art education in the form of case studies and description of art activities. Described are
                the topics given during the artistic leadership as well as various alternatives of methodological
                guidance and evaluation of the shift in visual development.
            </subfield>
            <subfield code="9">eng</subfield>
        </datafield>
        <datafield tag="653" ind1=" " ind2=" ">
            <subfield code="a">mladší školní věk</subfield>
        </datafield>
        <datafield tag="653" ind1=" " ind2=" ">
            <subfield code="a">výtvarná výchova</subfield>
        </datafield>
        <datafield tag="653" ind1=" " ind2=" ">
            <subfield code="a">vývoj zobrazování</subfield>
        </datafield>
        <datafield tag="653" ind1=" " ind2=" ">
            <subfield code="a">výtvarný projev</subfield>
        </datafield>
        <datafield tag="653" ind1=" " ind2=" ">
            <subfield code="a">projektivně intervenční arteterapie</subfield>
        </datafield>
        <datafield tag="653" ind1=" " ind2=" ">
            <subfield code="a">arteterapie s dětmi</subfield>
        </datafield>
        <datafield tag="653" ind1="0" ind2=" ">
            <subfield code="a">Junger school age</subfield>
        </datafield>
        <datafield tag="653" ind1="0" ind2=" ">
            <subfield code="a">Art Education</subfield>
        </datafield>
        <datafield tag="653" ind1="0" ind2=" ">
            <subfield code="a">developing of imaging</subfield>
        </datafield>
        <datafield tag="653" ind1="0" ind2=" ">
            <subfield code="a">artistic expression</subfield>
        </datafield>
        <datafield tag="653" ind1="0" ind2=" ">
            <subfield code="a">projective interpretative art therapy</subfield>
        </datafield>
        <datafield tag="653" ind1="0" ind2=" ">
            <subfield code="a">art therapy with children</subfield>
        </datafield>
        <datafield tag="656" ind1=" " ind2="7">
            <subfield code="a">Psychologie/Arteterapie</subfield>
            <subfield code="2">AKVO</subfield>
        </datafield>
        <datafield tag="720" ind1=" " ind2=" ">
            <subfield code="a">KNĚZOVÁ, Michaela</subfield>
        </datafield>
        <datafield tag="856" ind1="4" ind2="0">
            <subfield code="u">http://www.jcu.cz/vskp/55233</subfield>
            <subfield code="z">Odkaz na původní záznam</subfield>
        </datafield>
        <datafield tag="856" ind1="4" ind2="0">
            <subfield code="u">http://www.nusl.cz/ntk/nusl-396593</subfield>
            <subfield code="z">PID NUŠL</subfield>
        </datafield>
        <datafield tag="909" ind1="C" ind2="O">
            <subfield code="o">oai:invenio.nusl.cz:396593</subfield>
            <subfield code="p">openaire</subfield>
            <subfield code="p">global</subfield>
            <subfield code="p">base</subfield>
        </datafield>
        <datafield tag="970" ind1=" " ind2=" ">
            <subfield code="a">55233</subfield>
        </datafield>
        <datafield tag="980" ind1=" " ind2=" ">
            <subfield code="a">bakalarske_prace</subfield>
        </datafield>
        <datafield tag="996" ind1=" " ind2=" ">
            <subfield code="a">Plný text je dostupný v digitálním repozitáři JČU.</subfield>
            <subfield code="b">Fulltext is available in the Digital Repository of University of South Bohemia.
            </subfield>
        </datafield>
        <datafield tag="998" ind1=" " ind2=" ">
            <subfield code="a">jihoceska_univerzita_v_ceskych_budejovicich</subfield>
        </datafield>
    </record>