
    <record>
        <controlfield tag="001">315989</controlfield>
        <controlfield tag="005">20181003165615.0</controlfield>
        <datafield tag="035" ind1=" " ind2=" ">
            <subfield code="a">oai:czu.cz:vskp/d200082</subfield>
        </datafield>
        <datafield tag="041" ind1="0" ind2="7">
            <subfield code="a">cze</subfield>
        </datafield>
        <datafield tag="046" ind1=" " ind2=" ">
            <subfield code="j">2017-04-03</subfield>
            <subfield code="k">2017</subfield>
        </datafield>
        <datafield tag="245" ind1="0" ind2="0">
            <subfield code="a">Analýza příčin nezaměstnanosti věkové skupiny nad 50 let z pohledu zaměstnavatele
            </subfield>
            <subfield code="b">Causes of unemployment of people older than 50 years from the employer's perspective
            </subfield>
        </datafield>
        <datafield tag="260" ind1=" " ind2=" ">
            <subfield code="b">Česká zemědělská univerzita v Praze</subfield>
        </datafield>
        <datafield tag="502" ind1=" " ind2=" ">
            <subfield code="b">Ing.</subfield>
            <subfield code="g">Magisterský studijní program</subfield>
        </datafield>
        <datafield tag="520" ind1=" " ind2=" ">
            <subfield code="a">Předmětem diplomové práce je problematika nezaměstnanosti osob starších 50 let v České
                republice. Na základě stanovených hypotéz zjišťuje příčiny nezaměstnanosti zkoumané věkové skupiny z
                pohledu zaměstnavatelů.
                Diplomová práce nejprve seznamuje s teoretickými východisky, které jsou spojené s nezaměstnaností a
                jejími souvislostmi, trhem práce i diskriminací na trhu práce. Zmiňuje také pohled z druhé strany trhu
                práce a uvádí informace ohledně náboru a výběru nových zaměstnanců do společnosti. V další části je
                proveden empirický výzkum, poté následuje diskuze a vyhodnocení, které potvrdí či vyvrátí stanovené
                hypotézy a tím odpoví na cíl práce, kterým jsou příčiny nezaměstnanosti zkoumané rizikové skupiny osob
                starších 50 let.
            </subfield>
            <subfield code="9">cze</subfield>
        </datafield>
        <datafield tag="520" ind1=" " ind2=" ">
            <subfield code="a">The subject of the thesis is the issue of unemployment of people over 50 years in the
                Czech Republic. On the basic of thypotheses it determines the causes of unemyployment surveyed age
                groups from the perspective of employers. The thesis first introduces the theoretical bases that are
                associated with unemployment and its context, labor market and labor market discrimination. Also
                mentions the view from the other side of the labor market, and provides informaiton regarding the
                recruitment and selection of new employees into the company. The next part is done empirical research,
                followed by discussion and evaluation to confirm or disprove the hypothesis and thus responds to the
                aim, which are the causes of unemployment examined risk group of people over 50 years.
            </subfield>
            <subfield code="9">eng</subfield>
        </datafield>
        <datafield tag="653" ind1=" " ind2=" ">
            <subfield code="a">trh práce</subfield>
        </datafield>
        <datafield tag="653" ind1=" " ind2=" ">
            <subfield code="a">nezaměstnanost</subfield>
        </datafield>
        <datafield tag="653" ind1=" " ind2=" ">
            <subfield code="a">rizikové skupiny</subfield>
        </datafield>
        <datafield tag="653" ind1=" " ind2=" ">
            <subfield code="a">výběrové řízení</subfield>
        </datafield>
        <datafield tag="656" ind1=" " ind2="7">
            <subfield code="a">Provoz a ekonomika</subfield>
        </datafield>
        <datafield tag="720" ind1=" " ind2=" ">
            <subfield code="a">Kocová, Petra</subfield>
        </datafield>
        <datafield tag="720" ind1=" " ind2=" ">
            <subfield code="i">Hrdlička, Pavel</subfield>
            <subfield code="e">advisor</subfield>
        </datafield>
        <datafield tag="720" ind1=" " ind2=" ">
            <subfield code="i">Markéta, Markéta</subfield>
            <subfield code="e">referee</subfield>
        </datafield>
        <datafield tag="856" ind1="4" ind2="0">
            <subfield code="u">https://is.czu.cz/zp/index.pl?podrobnosti_zp=200082</subfield>
            <subfield code="z">Odkaz na původní záznam</subfield>
        </datafield>
        <datafield tag="856" ind1="4" ind2="0">
            <subfield code="u">http://www.nusl.cz/ntk/nusl-315989</subfield>
            <subfield code="z">PID NUŠL</subfield>
        </datafield>
        <datafield tag="909" ind1="C" ind2="O">
            <subfield code="o">oai:invenio.nusl.cz:315989</subfield>
            <subfield code="p">etds</subfield>
            <subfield code="p">global</subfield>
            <subfield code="p">base</subfield>
            <subfield code="q">openaire</subfield>
            <subfield code="q">licensed</subfield>
        </datafield>
        <datafield tag="980" ind1=" " ind2=" ">
            <subfield code="a">diplomove_prace</subfield>
        </datafield>
        <datafield tag="996" ind1=" " ind2=" ">
            <subfield code="a">Dostupné registrovaným uživatelům v repozitáři ČZU.</subfield>
            <subfield code="b">Available to registered users in the CZU repository.</subfield>
        </datafield>
        <datafield tag="998" ind1=" " ind2=" ">
            <subfield code="a">ceska_zemedelska_univerzita</subfield>
        </datafield>
    </record>