
    <record>
        <controlfield tag="001">79353</controlfield>
        <controlfield tag="005">20181003161023.0</controlfield>
        <datafield tag="035" ind1=" " ind2=" ">
            <subfield code="a">oai:dspace.amu.cz:10318/5091</subfield>
        </datafield>
        <datafield tag="041" ind1="0" ind2="7">
            <subfield code="a">cze</subfield>
        </datafield>
        <datafield tag="046" ind1=" " ind2=" ">
            <subfield code="k">2010</subfield>
            <subfield code="j">2016-03-14</subfield>
        </datafield>
        <datafield tag="245" ind1="0" ind2="0">
            <subfield code="a">Hudebně teoretická východiska nechorálních skladeb pro klávesové nástroje v 17. stol.
            </subfield>
            <subfield code="b">Theoretical background of free music for keyboard instruments in the 17. century
            </subfield>
        </datafield>
        <datafield tag="260" ind1=" " ind2=" ">
            <subfield code="b">Akademie múzických umění v Praze. Hudební fakulta AMU. Knihovna</subfield>
        </datafield>
        <datafield tag="502" ind1=" " ind2=" ">
            <subfield code="a">2010-09-08</subfield>
            <subfield code="b">Ph.D.</subfield>
            <subfield code="c">Akademie múzických umění v Praze. Hudební a taneční fakulta AMU</subfield>
            <subfield code="g">Doktorský studijní program</subfield>
        </datafield>
        <datafield tag="520" ind1=" " ind2=" ">
            <subfield code="a">Problematika tzv. staré hudby je dnes velmi skloňovaným odvětvím v oblasti hudební
                interpretace, hudební teorie a hudební vědy. Pro adekvátní porozumění a uchopení hudebního textu
                potřebuje dnešní interpret rozsáhlé teoretické povědomí. Hudebně teoretická východiska, jež stála v
                pozadí tvorby autorů 17. století, formovala a předdefinovala možná řešení detailů hudební kompozice.
                Teoretické nástroje, které nám poskytuje moderní nauka o kontrapunktu, o harmonii a hudební tektonice,
                nemohou odhalit jemné odstíny tehdejšího hudebního výraziva.
                V prvním oddíle je stručně nastíněno pozadí vzniku hudby pro klávesové nástroje v 17. století a popsán
                charakter a oblasti společenské poptávky a souvislosti vedoucí ke vzniku škály žánrů.
                Druhý oddíl probírá v jednotlivých kapitolách nejpodstatnější informace o stavu či vývoji různých
                oblastí hudební teorie: tónový materiál ? mody, církevní a varhanické tóniny, nauka o klauzulích, vývoj
                kontrapunktu a teorie fugy, rétorické dispositio jako nevyslovený obecný formální rámec tzv. ?volných?,
                fantazijních forem, preludií, toccat; praxe používání rétorických figur.
                Další oddíl podává přehled technických předpokladů dobových nástrojů a souvislost s výskytem určitých
                hudebních obratů, souzvuků apod. v literatuře. Je popsán vliv ladění a temperatury, zejména hojně
                rozšířené středotónové. Hojné používání krátké, lomené a zkrácené oktávy vysvětluje výskyt souzvuků a
                postupů na moderní klaviatuře nesnadno realizovatelných. Více manuálů na jednom nástroji a klaviatura
                dělená na bas a diskant umožňuje a předpokládá speciální druhy sazby.
                Ve čtvrtém oddíle následuje detailnější analýza několika skladeb různého typu regionálního a časového.
                Na cyklu ricercarů G. M. Trabaciho je zkoumán vliv modality na hudební formu. Frescobaldiho toccaty
                stojí na počátku obrovského vývoje tvorby pro klávesové nástroje a je studijním materiálem pro
                skladatele bezmála 3 následujících staletí. Analyzována je Toccata prima ze sbírky Il secondo libro di
                toccate (1627). Vrchol varhanní tvorby najdeme v 17. stol. bezpochyby v oblasti severního Německa, a zde
                především v díle D. Buxtehude. Následuje rozbor Preambula BuxWV 152.
                Závěrem je zařazena úvaha o významu zkoumání daných témat, zda jde o pouhé odkrývání dnes již
                irelevantních souvislostí, nebo zda lze najít inspiraci pro interpretaci děl starších epoch, která dnes
                již neodmyslitelně patří k současnému hudebnímu dění.
            </subfield>
            <subfield code="9">cze</subfield>
        </datafield>
        <datafield tag="520" ind1=" " ind2=" ">
            <subfield code="a">Early Music, its history, theory and practice, has become a vigorously discussed theme in
                the field of musicology. To be able to grasp a musical text adequately, a contemporary performer
                requires an extensive theoretical knowledge. The theoretical background lying behind the origins of the
                seventeenth-century musical material was essential in the formation and pre-definition of the possible
                solutions of the details of compositional techniques and approaches of the period. The theoretical
                methods employed by the modern disciplines of counterpoint and harmony and the tectonics of music are
                not sufficient if we wish to examine the nuances of the musical phraseology of those times.
                Offering a short introduction into the environment in which keyboard music of the seventeenth century
                was originating, the first section looks into the character and areas of social demand which resulted in
                a broad range of musical genres.
                The individual chapters of the following section touch upon the key facts about the state and
                development of different areas of music theory, such as tonal material ? modes, Church and organ keys,
                the doctrine of clauses, the development of counterpoint and the theory of the fugue, the rhetorical
                dispositio as the unpronounced, general formal frame of the so-called ?free?, fantasia forms, preludes
                and toccatas; the application of figures of speech.
                The third section brings a survey of the technical conditions which were formative in the case of period
                musical instruments and traces down some of the occurrences of specific musical terms and consonances in
                literature. One of the chapters tracks down the influence of tuning and tempering systems, especially of
                the widespread mean-tone tuning system. The profuse usage of the short, broken and shortened octave
                accounts for the consonances and sequences which are difficult to perform on modern keyboards. Multiple
                manuals and the division of the keyboard into the bass and the discant part presupposed a special kind
                of typesetting.
                In the fourth section I propose an analysis of several compositions coming from various places and
                decades. In an analysis of the cycle of ricercares by G. M. Trabaci I inspect the influence of modality
                on musical form. Standing at the beginning of the massive development of composition for keyboard
                instruments, Frecobaldi?s toccatas would have been consulted as a study material by composers throughout
                the following three centuries at least. Among others, I analyse Toccata prima from Il secondo libro di
                toccate (1627). The peak of the seventeenth century organ production is undoubtedly to be found in the
                area of Northern Germany, namely in the work of D. Buxtehude. The section is closed by an analysis of
                his Preambulum BuxWV 152.
                By way of conclusion I speculate about the possible values of studying and theorizing of such issues: if
                they can only result in excavation of anachronic circumstances, irrelevant to our time, or if they can
                provide a source of inspiration for the interpretation of early music which has become an inseparable
                part of contemporary musical scene and culture.
            </subfield>
            <subfield code="9">eng</subfield>
        </datafield>
        <datafield tag="656" ind1=" " ind2="7">
            <subfield code="a">Hudebního umění / Hudební teorie</subfield>
            <subfield code="2">AKVO</subfield>
        </datafield>
        <datafield tag="720" ind1=" " ind2=" ">
            <subfield code="a">Vendl, Lukáš</subfield>
        </datafield>
        <datafield tag="720" ind1=" " ind2=" ">
            <subfield code="i">Tichý, Vladimír</subfield>
            <subfield code="e">advisor</subfield>
        </datafield>
        <datafield tag="720" ind1=" " ind2=" ">
            <subfield code="i">Willi, Barbara</subfield>
            <subfield code="e">referee</subfield>
        </datafield>
        <datafield tag="720" ind1=" " ind2=" ">
            <subfield code="i">Bažantová, Ivana</subfield>
            <subfield code="e">referee</subfield>
        </datafield>
        <datafield tag="856" ind1="4" ind2="0">
            <subfield code="u">http://hdl.handle.net/10318/5091</subfield>
            <subfield code="z">Odkaz na původní záznam</subfield>
        </datafield>
        <datafield tag="856" ind1="4" ind2="0">
            <subfield code="u">http://www.nusl.cz/ntk/nusl-79353</subfield>
            <subfield code="z">PID NUŠL</subfield>
        </datafield>
        <datafield tag="909" ind1="C" ind2="O">
            <subfield code="o">oai:invenio.nusl.cz:79353</subfield>
            <subfield code="p">etds</subfield>
            <subfield code="p">global</subfield>
            <subfield code="p">base</subfield>
            <subfield code="q">licensed</subfield>
        </datafield>
        <datafield tag="980" ind1=" " ind2=" ">
            <subfield code="a">disertacni_prace</subfield>
        </datafield>
        <datafield tag="996" ind1=" " ind2=" ">
            <subfield code="a">Dostupné registrovaným uživatelům v digitálním repozitáři AMU.</subfield>
            <subfield code="b">Available to registered users in the Digital Repository of Academy of Performing Arts.
            </subfield>
        </datafield>
        <datafield tag="998" ind1=" " ind2=" ">
            <subfield code="a">akademie_muzickych_umeni_v_praze</subfield>
        </datafield>
    </record>