
    <record>
        <controlfield tag="001">180713</controlfield>
        <controlfield tag="005">20181115171534.0</controlfield>
        <datafield tag="035" ind1=" " ind2=" ">
            <subfield code="a">repository/22464</subfield>
        </datafield>
        <datafield tag="041" ind1="0" ind2="7">
            <subfield code="a">cze</subfield>
        </datafield>
        <datafield tag="046" ind1=" " ind2=" ">
            <subfield code="k">2014-12-19</subfield>
        </datafield>
        <datafield tag="245" ind1="0" ind2="0">
            <subfield code="a">Analýza španělštiny v internetových diskuzních fórech</subfield>
            <subfield code="b">Analysis of Spanish in internet discussion forums</subfield>
        </datafield>
        <datafield tag="300" ind1=" " ind2=" ">
            <subfield code="a">102 stran</subfield>
        </datafield>
        <datafield tag="500" ind1=" " ind2=" ">
            <subfield code="a">KREJČOVÁ, Kateřina. Analýza španělštiny v internetových diskuzních fórech. Č. Budějovice,
                2014. diplomová práce (Mgr.). JIHOČESKÁ UNIVERZITA V ČESKÝCH BUDĚJOVICÍCH. Filozofická fakulta
            </subfield>
        </datafield>
        <datafield tag="502" ind1=" " ind2=" ">
            <subfield code="a">2015-01-29</subfield>
            <subfield code="b">Mgr.</subfield>
            <subfield code="c">JIHOČESKÁ UNIVERZITA V ČESKÝCH BUDĚJOVICÍCH</subfield>
            <subfield code="g">Master</subfield>
        </datafield>
        <datafield tag="520" ind1=" " ind2=" ">
            <subfield code="a">Diplomová práce se zabývá analýzou projevu španělsky mluvících adolescentů na
                internetových diskuzních fórech. Teoretická část se věnuje zejména problematice dichotomií
                mluvenost/psanost a hovorovost/formálnost, které se nemalou měrou podílejí na výsledné podobě jazyka na
                internetu. Popisuje také obecné rysy jazyka užívaného v internetovém prostředí se zaměřením na
                španělštinu a na adolescentní uživatele. Praktická část analyzuje v rovině grafické, morfosyntaktické,
                sémantické a pragmatické jazykový vzorek sesbíraný na internetových diskuzních fórech.
            </subfield>
            <subfield code="9">cze</subfield>
        </datafield>
        <datafield tag="520" ind1=" " ind2=" ">
            <subfield code="a">The diploma thesis folows up the analysis of the language of spanish speaking adolescents
                acros online discussion forums. The theoretic section mainly pursues the issues of the oral/written and
                colloquial/formal dichotomies which takes an important part in the resultant form of the language used
                on the internet. It also describes the general features of language, used on the internet, focusing
                spanish and adolescent users. The practical section analyses the graphic, morphosyntactical, semantic
                and pragmatic level of the language sample found on the internet discussion forums.
            </subfield>
            <subfield code="9">eng</subfield>
        </datafield>
        <datafield tag="653" ind1=" " ind2=" ">
            <subfield code="a">mluvenost/psanost</subfield>
        </datafield>
        <datafield tag="653" ind1=" " ind2=" ">
            <subfield code="a">hovorovost/formálnost</subfield>
        </datafield>
        <datafield tag="653" ind1=" " ind2=" ">
            <subfield code="a">jazyk na internetu</subfield>
        </datafield>
        <datafield tag="653" ind1=" " ind2=" ">
            <subfield code="a">komunikace v období adolescence</subfield>
        </datafield>
        <datafield tag="653" ind1="0" ind2=" ">
            <subfield code="a">the oral/written dichotomie</subfield>
        </datafield>
        <datafield tag="653" ind1="0" ind2=" ">
            <subfield code="a">the colloquial/formal dichotomie</subfield>
        </datafield>
        <datafield tag="653" ind1="0" ind2=" ">
            <subfield code="a">language on the internet</subfield>
        </datafield>
        <datafield tag="653" ind1="0" ind2=" ">
            <subfield code="a">communication in adolescence</subfield>
        </datafield>
        <datafield tag="656" ind1=" " ind2="7">
            <subfield code="a">Učitelství pro základní školy/ŠJ-VV/ZŠ</subfield>
            <subfield code="2">AKVO</subfield>
        </datafield>
        <datafield tag="720" ind1=" " ind2=" ">
            <subfield code="a">KREJČOVÁ, Kateřina</subfield>
        </datafield>
        <datafield tag="856" ind1="4" ind2="0">
            <subfield code="u">http://www.jcu.cz/vskp/22464</subfield>
            <subfield code="z">Odkaz na původní záznam</subfield>
        </datafield>
        <datafield tag="856" ind1="4" ind2="0">
            <subfield code="u">http://www.nusl.cz/ntk/nusl-180713</subfield>
            <subfield code="z">PID NUŠL</subfield>
        </datafield>
        <datafield tag="909" ind1="C" ind2="O">
            <subfield code="o">oai:invenio.nusl.cz:180713</subfield>
            <subfield code="p">etds</subfield>
            <subfield code="p">openaire</subfield>
            <subfield code="p">global</subfield>
            <subfield code="p">base</subfield>
        </datafield>
        <datafield tag="970" ind1=" " ind2=" ">
            <subfield code="a">22464</subfield>
        </datafield>
        <datafield tag="980" ind1=" " ind2=" ">
            <subfield code="a">diplomove_prace</subfield>
        </datafield>
        <datafield tag="996" ind1=" " ind2=" ">
            <subfield code="a">Plný text je dostupný v digitálním repozitáři JČU.</subfield>
            <subfield code="b">Fulltext is available in the Digital Repository of University of South Bohemia.
            </subfield>
        </datafield>
        <datafield tag="998" ind1=" " ind2=" ">
            <subfield code="a">jihoceska_univerzita_v_ceskych_budejovicich</subfield>
        </datafield>
    </record>