
    <record>
        <controlfield tag="001">361615</controlfield>
        <controlfield tag="005">20170803134146.0</controlfield>
        <datafield tag="035" ind1=" " ind2=" ">
            <subfield code="a">oai:vse.cz:vskp/68845</subfield>
        </datafield>
        <datafield tag="041" ind1="0" ind2="7">
            <subfield code="a">slo</subfield>
        </datafield>
        <datafield tag="046" ind1=" " ind2=" ">
            <subfield code="k">2017-06-02</subfield>
            <subfield code="j">2017-06-03</subfield>
        </datafield>
        <datafield tag="245" ind1="0" ind2="0">
            <subfield code="a">Podpora inovácií v USA prostredníctvom rizikového kapitálu</subfield>
            <subfield code="b">Financing innovative companies in USA through venture capital</subfield>
        </datafield>
        <datafield tag="260" ind1=" " ind2=" ">
            <subfield code="b">Vysoká škola ekonomická v Praze</subfield>
        </datafield>
        <datafield tag="502" ind1=" " ind2=" ">
            <subfield code="a">2017-06-02</subfield>
            <subfield code="b">Ing.</subfield>
            <subfield code="c">Vysoká škola ekonomická v Praze</subfield>
            <subfield code="g">Magisterský navazující studijní program</subfield>
        </datafield>
        <datafield tag="520" ind1=" " ind2=" ">
            <subfield code="a">Silicon Valley a společnosti seskupeny kolem Massachusettského technologického institutu
                jsou známé jako světové centra aktivit investorů rizikového kapitálu. Právě tyto oblasti s množstvím
                start-upů a firem podílejících se na výzkumu a vývoji jsou dnes hodnoceny jako území s nejvyšší
                koncentrací inovací na světě a společnosti jako Apple, Facebook, Microsoft či Google sídlící v Silicon
                Valley, patří mezi nejinovativnější a nejdůležitější společnosti generace. Počínaje z Windows až přes
                FedEx, technologie zrozené v útrobách firem financovaných rizikovým kapitálem, změnily zásadním způsobem
                náš svět. Cílem mé diplomové práce je identifikovat vztah mezi rizikovým kapitálem, inovacemi a
                ekonomickou výkonnosti na příkladu USA. V první kapitole vymezuje pojem rizikový kapitál, vysvětluji jak
                probíhá proces investování rizikového kapitálu, a které subjekty se tohoto procesu účastní. Ve druhé
                kapitole hodnotím úlohu rizikového kapitálu v americké ekonomice. Dále zkoumám jakým způsobem přispívá
                rizikový kapitál k zakládání a rozvoji inovativních firem. Ve třetí kapitole aplikuji závěry výzkumů na
                příkladu konkrétní americké společnosti, která splňuje 2 podmínky a to, že je financována rizikovým
                kapitálem a má velký inovační potenciál. Na praktickém příkladu tak ověřuji vztah mezi rizikovým
                kapitálem, inovacemi a ekonomickou výkonností země.
            </subfield>
            <subfield code="9">cze</subfield>
        </datafield>
        <datafield tag="520" ind1=" " ind2=" ">
            <subfield code="a">Silicon Valley and companies grouped around MIT are known as world centres for investor
                activity for venture capital. These areas with many start-ups and companies participating on R&amp;D are
                today ranked as regions with highest concentration of innovations in the world and companies such as
                Apple, Facebook, Microsoft or Google who are based in Silicon Valley, belong among the most innovative
                and most important companies of our generation. From Windows to FedEx, technologies created within the
                companies financed by venture capital, changed our world. The purpose of my diploma thesis is identify
                relationship between venture capital, innovations and economic productivity on example of USA. In first
                chapter I define the term venture capital, explain how the process of investing venture capital is
                happening, and which subjects are involved in the process. In second chapter I evaluate the role of
                venture capital in American economy. I´m also researching in what way venture capital is contributing
                with creation and development of innovatory companies. In third chapter I apply conclusions of my
                findings on an example of specific American company, which fulfills two conditions; it is financed by
                venture capital and has high innovation potential. On practical example I verify the relationship
                between venture capital, innovations and economic productivity of country.
            </subfield>
            <subfield code="9">eng</subfield>
        </datafield>
        <datafield tag="520" ind1=" " ind2=" ">
            <subfield code="a">Sillicon Valley a spoločnosti zoskupené okolo Massachutského technologického inštitútu sú
                známe ako svetové centrá aktivít investorov rizikového kapitálu. Práve tieto oblasti s množstvom
                start-upov a firiem podieľajúcich sa na výskume a vývoji sú dnes hodnotené ako územia s najvyššou
                koncentráciou inovácií na svete a spoločnosti ako Apple, Facebook, Microsoft či Google sídliace v
                Sillicon Valley, patria medzi najinovatívnejšie a najdôležitejšie spoločnosti generácie. Počínajuc
                Windowsom až cez FedEx, technológie zrodené v útrobach firiem financovaných rizikovým kapitálom, zmenili
                zásadným spôsobom náš svet. Cieľom mojej diplomovej práce je identifikovať vzťah medzi rizikovým
                kapitálom, inováciami a ekonomickou výkonnosťou na príklade USA. V prvej kapitole vymedzujem pojem
                rizikový kapitál, vysvetľujem ako prebieha proces investovania rizikového kapitálu, a ktoré subjekty sa
                ho zúčastňujú. V druhej kapitole hodnotím úlohu rizikového kapitálu v americkej ekonomike. Ďalej skúmam
                akým spôsobom prispieva rizikový kapitál k zakladaniu a rozvoju inovatívnych firiem. V tretej kapitole
                aplikujem závery výskumov na príklade konkrétnej americkej spoločnosti, ktorá spĺňa 2 podmienky a to, že
                je financovaná rizikovým kapitálom a má veľký inovačný potenciál. Na praktickom príklade tak overujem
                vzťah medzi rizikovým kapitálom, inováciami a ekonomickou výkonnosťou krajiny.
            </subfield>
            <subfield code="9">slo</subfield>
        </datafield>
        <datafield tag="653" ind1="0" ind2=" ">
            <subfield code="a">USA</subfield>
        </datafield>
        <datafield tag="653" ind1="0" ind2=" ">
            <subfield code="a">innovation</subfield>
        </datafield>
        <datafield tag="653" ind1="0" ind2=" ">
            <subfield code="a">economic growth</subfield>
        </datafield>
        <datafield tag="653" ind1="0" ind2=" ">
            <subfield code="a">venture capital</subfield>
        </datafield>
        <datafield tag="653" ind1=" " ind2=" ">
            <subfield code="a">USA</subfield>
        </datafield>
        <datafield tag="653" ind1=" " ind2=" ">
            <subfield code="a">rizikový kapitál</subfield>
        </datafield>
        <datafield tag="653" ind1=" " ind2=" ">
            <subfield code="a">ekonomická výkonnost</subfield>
        </datafield>
        <datafield tag="653" ind1=" " ind2=" ">
            <subfield code="a">inovace</subfield>
        </datafield>
        <datafield tag="656" ind1=" " ind2="7">
            <subfield code="a">Mezinárodní ekonomické vztahy/Mezinárodní obchod</subfield>
        </datafield>
        <datafield tag="720" ind1=" " ind2=" ">
            <subfield code="a">Stropkaiová, Aneta</subfield>
        </datafield>
        <datafield tag="720" ind1=" " ind2=" ">
            <subfield code="i">Bič, Josef</subfield>
            <subfield code="e">advisor</subfield>
        </datafield>
        <datafield tag="720" ind1=" " ind2=" ">
            <subfield code="i">Hnát, Pavel</subfield>
            <subfield code="e">referee</subfield>
        </datafield>
        <datafield tag="856" ind1="4" ind2="0">
            <subfield code="u">http://www.vse.cz/vskp/eid/68845</subfield>
            <subfield code="z">Odkaz na původní záznam</subfield>
        </datafield>
        <datafield tag="856" ind1="4" ind2="0">
            <subfield code="u">http://www.nusl.cz/ntk/nusl-361615</subfield>
            <subfield code="z">PID NUŠL</subfield>
        </datafield>
        <datafield tag="909" ind1="C" ind2="O">
            <subfield code="o">oai:invenio.nusl.cz:361615</subfield>
            <subfield code="p">etds</subfield>
            <subfield code="p">openaire</subfield>
            <subfield code="p">global</subfield>
        </datafield>
        <datafield tag="980" ind1=" " ind2=" ">
            <subfield code="a">diplomove_prace</subfield>
        </datafield>
        <datafield tag="996" ind1=" " ind2=" ">
            <subfield code="a">Dostupné v digitálním repozitáři VŠE.</subfield>
            <subfield code="b">Available in the digital repository of the University of Economics, Prague.</subfield>
        </datafield>
        <datafield tag="998" ind1=" " ind2=" ">
            <subfield code="a">vysoka_skola_ekonomicka_v_praze</subfield>
        </datafield>
    </record>