
    <record>
        <controlfield tag="001">316011</controlfield>
        <controlfield tag="005">20181003165616.0</controlfield>
        <datafield tag="035" ind1=" " ind2=" ">
            <subfield code="a">oai:czu.cz:vskp/b205103</subfield>
        </datafield>
        <datafield tag="041" ind1="0" ind2="7">
            <subfield code="a">cze</subfield>
        </datafield>
        <datafield tag="046" ind1=" " ind2=" ">
            <subfield code="j">2017-04-25</subfield>
            <subfield code="k">2017</subfield>
        </datafield>
        <datafield tag="245" ind1="0" ind2="0">
            <subfield code="a">Motivace jako způsob vedení lidí</subfield>
            <subfield code="b">Motivation as a leadership</subfield>
        </datafield>
        <datafield tag="260" ind1=" " ind2=" ">
            <subfield code="b">Česká zemědělská univerzita v Praze</subfield>
        </datafield>
        <datafield tag="502" ind1=" " ind2=" ">
            <subfield code="b">Bc.</subfield>
            <subfield code="g">Bakalářský studijní program</subfield>
        </datafield>
        <datafield tag="520" ind1=" " ind2=" ">
            <subfield code="a">Tato bakalářská práce se zabývá termínem motivace a možností jejího využití při vedení
                lidí. Práce je složena ze dvou hlavních částí. První část se nazývá literární rešerše a vysvětluje
                veškeré informace, které jsou potřeba pro pochopení daného tématu. Literární rešerše poskytuje informace
                o vedení lidí, motivaci, manažerech a jejich funkcích a také o motivačních teoriích. Dále vysvětluje
                pojmy jako stimul, motiv a poruchy motivace. Druhá část bakalářské práce je praktická. Snaží se potvrdit
                teoretické poznatky v praxi. Popisuje vybrané společnosti a pět zkušených vedoucích pracovníků, kteří v
                daných společnostech pracují. Manažeři dostali za úkol zodpovědět jedenáct otevřených otázek na téma
                motivace jako způsob vedení lidí. Jelikož jde o manažery na různých pozicích a z různých společností,
                jejich odpovědi jsou mezi sebou porovnány a okomentovány. Závěr této práce je vyvozen z porovnání
                teoretických poznatků se zkušenostmi dotazovaných manažerů z praxe.
            </subfield>
            <subfield code="9">cze</subfield>
        </datafield>
        <datafield tag="520" ind1=" " ind2=" ">
            <subfield code="a">This thesis deals with the concept of motivation as a leadership for its use in people
                management. The work is contains two main parts. The first part is called a literature review and
                describe all the information that is needed for an understanding of the topic. Literature research
                provides information on leadership, motivation, managers, and their functions and also about
                motivational theories. It also explains the concepts like stimulus, motive and motivation disorders. The
                second part is practical. It is trying to confirm the theoretical knowledge in practice. Describes
                selected companies and five experienced managers who work in these companies. Managers were asked to
                answer a dozen open questions on the subject of motivation as a way of leading people. Since it is
                managers at different positions and from different companies, their answers are compared with each other
                and commented. The summary is drawn from a comparison of theoretical knowledge with the experience of
                managers.
            </subfield>
            <subfield code="9">eng</subfield>
        </datafield>
        <datafield tag="653" ind1=" " ind2=" ">
            <subfield code="a">Management</subfield>
        </datafield>
        <datafield tag="653" ind1=" " ind2=" ">
            <subfield code="a">Motivace</subfield>
        </datafield>
        <datafield tag="653" ind1=" " ind2=" ">
            <subfield code="a">Stimuly</subfield>
        </datafield>
        <datafield tag="656" ind1=" " ind2="7">
            <subfield code="a">Podnikání a administrativa</subfield>
        </datafield>
        <datafield tag="720" ind1=" " ind2=" ">
            <subfield code="a">Jirát, Tomáš</subfield>
        </datafield>
        <datafield tag="720" ind1=" " ind2=" ">
            <subfield code="i">Fiedler, Jiří</subfield>
            <subfield code="e">advisor</subfield>
        </datafield>
        <datafield tag="720" ind1=" " ind2=" ">
            <subfield code="i">Horáková, Jana</subfield>
            <subfield code="e">referee</subfield>
        </datafield>
        <datafield tag="856" ind1="4" ind2="0">
            <subfield code="u">https://is.czu.cz/zp/index.pl?podrobnosti_zp=205103</subfield>
            <subfield code="z">Odkaz na původní záznam</subfield>
        </datafield>
        <datafield tag="856" ind1="4" ind2="0">
            <subfield code="u">http://www.nusl.cz/ntk/nusl-316011</subfield>
            <subfield code="z">PID NUŠL</subfield>
        </datafield>
        <datafield tag="909" ind1="C" ind2="O">
            <subfield code="o">oai:invenio.nusl.cz:316011</subfield>
            <subfield code="p">global</subfield>
            <subfield code="p">base</subfield>
            <subfield code="q">openaire</subfield>
            <subfield code="q">licensed</subfield>
        </datafield>
        <datafield tag="980" ind1=" " ind2=" ">
            <subfield code="a">bakalarske_prace</subfield>
        </datafield>
        <datafield tag="996" ind1=" " ind2=" ">
            <subfield code="a">Dostupné registrovaným uživatelům v repozitáři ČZU.</subfield>
            <subfield code="b">Available to registered users in the CZU repository.</subfield>
        </datafield>
        <datafield tag="998" ind1=" " ind2=" ">
            <subfield code="a">ceska_zemedelska_univerzita</subfield>
        </datafield>
    </record>