
    <record>
        <controlfield tag="001">363443</controlfield>
        <controlfield tag="005">20181003165947.0</controlfield>
        <datafield tag="035" ind1=" " ind2=" ">
            <subfield code="a">oai:oai_provider.mendelu.cz:164101</subfield>
        </datafield>
        <datafield tag="041" ind1="0" ind2="7">
            <subfield code="a">cze</subfield>
        </datafield>
        <datafield tag="046" ind1=" " ind2=" ">
            <subfield code="k">1994</subfield>
        </datafield>
        <datafield tag="245" ind1="0" ind2="0">
            <subfield code="a">Vybrané problémy ekologické analýzy fiskálních nástrojů státního rozpočtu</subfield>
        </datafield>
        <datafield tag="300" ind1=" " ind2=" ">
            <subfield code="a">45 listů</subfield>
        </datafield>
        <datafield tag="502" ind1=" " ind2=" ">
            <subfield code="c">Vysoká škola zemědělská, Provozně ekonomická fakulta</subfield>
            <subfield code="b">Ing.</subfield>
        </datafield>
        <datafield tag="653" ind1=" " ind2=" ">
            <subfield code="a">ekologické problémy</subfield>
        </datafield>
        <datafield tag="653" ind1=" " ind2=" ">
            <subfield code="a">státní rozpočet</subfield>
        </datafield>
        <datafield tag="653" ind1=" " ind2=" ">
            <subfield code="a">ekologické poplatky</subfield>
        </datafield>
        <datafield tag="653" ind1=" " ind2=" ">
            <subfield code="a">ekologická daň</subfield>
        </datafield>
        <datafield tag="720" ind1=" " ind2=" ">
            <subfield code="a">Tunys, Pavel</subfield>
        </datafield>
        <datafield tag="856" ind1="4" ind2="0">
            <subfield code="u">http://www.nusl.cz/ntk/nusl-363443</subfield>
            <subfield code="z">PID NUŠL</subfield>
        </datafield>
        <datafield tag="909" ind1="C" ind2="O">
            <subfield code="o">oai:invenio.nusl.cz:363443</subfield>
            <subfield code="p">etds</subfield>
            <subfield code="p">global</subfield>
            <subfield code="p">base</subfield>
        </datafield>
        <datafield tag="980" ind1=" " ind2=" ">
            <subfield code="a">diplomove_prace</subfield>
        </datafield>
        <datafield tag="996" ind1=" " ind2=" ">
            <subfield code="a">Dostupné registrovaným uživatelům v knihovně Mendelovy univerzity v Brně.</subfield>
            <subfield code="b">Available to registered users in the Library of Mendel University.</subfield>
        </datafield>
        <datafield tag="998" ind1=" " ind2=" ">
            <subfield code="a">mendelova_univerzita_v_brne</subfield>
        </datafield>
    </record>