
    <record>
        <controlfield tag="001">398853</controlfield>
        <controlfield tag="005">20190726091638.0</controlfield>
        <datafield tag="035" ind1=" " ind2=" ">
            <subfield code="a">oai:dspace.cuni.cz:20.500.11956/107892</subfield>
        </datafield>
        <datafield tag="041" ind1="0" ind2="7">
            <subfield code="a">cze</subfield>
        </datafield>
        <datafield tag="046" ind1=" " ind2=" ">
            <subfield code="k">2019-06-20</subfield>
        </datafield>
        <datafield tag="245" ind1="0" ind2="0">
            <subfield code="a">
                Nakladatelství Labyrint a mediální reflexe edic Fresh a Raketa
            </subfield>
            <subfield code="b">
                The Publishing House Labyrint and Media Reflection of Editions Fresh a Raketa
            </subfield>
        </datafield>
        <datafield tag="502" ind1=" " ind2=" ">
            <subfield code="c">Univerzita Karlova</subfield>
            <subfield code="b">Mgr.</subfield>
            <subfield code="d">2019</subfield>
        </datafield>
        <datafield tag="520" ind1=" " ind2=" ">
            <subfield code="a">
                This Master Thesis is focused on analysis of media response to editions Fresh and Raketa of publishing
                house Labyrint in the context of history of publishing practice in the Czech Republic in the nineties.
                It also discusses contemporary literature for children and youth. Thesis studies critical media response
                to three particular books from studied editions Tajemství oblázkové hory by Bára Dočkalová, Robinson by
                Petr Sís and Plyš by Michal Hvorecký. Novel Plyš by Michal Hvorecký was covered the most in the media.
                The smallest number of articles was published about Tajemství oblázkové hory by Bára Dočkalová. Even
                though it was nominated for Magnesia Litera Award, it did not win the price in the end. The closing part
                focuses on a unique project by publishing house Labyrint, a magazine for children called Raketa. Media
                attention is focused on creators of magazine, either it is the owner of publishing house Labyrint
                Joachim Dvořák or its chief editors Johana Švejdíková and Radana Litošová. Critical reflection is rare,
                there are mostly short notes recommending buying the magazine or describing a new issue. There is a
                broad spectrum of media chosen for this analysis, from news media to cultural and literary periodical
                such as Tvar, Host, A2 and catalog Nejlepší knihy dětem.
            </subfield>
            <subfield code="9">eng</subfield>
        </datafield>
        <datafield tag="520" ind1=" " ind2=" ">
            <subfield code="a">
                Diplomová práce se zabývá analýzou mediálního ohlasu edic Fresh a Raketa nakladatelství Labyrint v
                kontextu vývoje nakladatelské praxe v České republice v devadesátých letech. Věnuje se také současné
                literatuře pro děti a mládež. Součástí práce je kritický ohlas na tři konkrétní díla, jedná se o knihy
                ze zkoumaných edic Tajemství oblázkové hory Báry Dočkalové, Robinson Petra Síse a Plyš Michala
                Hvoreckého. Nejčastěji bylo v médiích referováno o románu Plyš slovenského spisovatele Michala
                Hvoreckého. Nejméně příspěvků se věnovalo debutu Báry Dočkalové Tajemství oblázkové hory, který byl sice
                nominován na cenu Magnesia Litera 2019, nominaci ale neproměnil. Závěrečná část se věnuje unikátnímu
                projektu nakladatelství Labyrint, kterým je dětský časopis Raketa. Mediální pozornost přitahují zejména
                jeho tvůrci, ať už jde o majitele nakladatelství Joachima Dvořáka nebo šéfredaktorky Johanu Švejdíkovou
                a Radanu Litošovou. Kritická percepce časopisu se objevuje sporadicky, jedná se zejména o představení
                časopisu nebo jeho doporučení. Spektrum zkoumaných periodik je široké od zpravodajských webů a deníků až
                po kulturní a literární periodika Tvar, Host, A2 kulturní čtrnáctideník a katalog Nejlepší knihy dětem.
            </subfield>
            <subfield code="9">cze</subfield>
        </datafield>
        <datafield tag="586" ind1=" " ind2=" ">
            <subfield code="a">obhájeno</subfield>
            <subfield code="b">successfully defended</subfield>
        </datafield>
        <datafield tag="653" ind1=" " ind2=" ">
            <subfield code="a">literatura pro děti a mládež</subfield>
        </datafield>
        <datafield tag="653" ind1=" " ind2=" ">
            <subfield code="a">nakladatelství</subfield>
        </datafield>
        <datafield tag="653" ind1=" " ind2=" ">
            <subfield code="a">Labyrint</subfield>
        </datafield>
        <datafield tag="653" ind1=" " ind2=" ">
            <subfield code="a">edice</subfield>
        </datafield>
        <datafield tag="653" ind1=" " ind2=" ">
            <subfield code="a">mediální ohlas</subfield>
        </datafield>
        <datafield tag="653" ind1="0" ind2=" ">
            <subfield code="a">Literature for Children and Youth</subfield>
        </datafield>
        <datafield tag="653" ind1="0" ind2=" ">
            <subfield code="a">publishing house</subfield>
        </datafield>
        <datafield tag="653" ind1="0" ind2=" ">
            <subfield code="a">Labyrint</subfield>
        </datafield>
        <datafield tag="653" ind1="0" ind2=" ">
            <subfield code="a">edition</subfield>
        </datafield>
        <datafield tag="653" ind1="0" ind2=" ">
            <subfield code="a">media response</subfield>
        </datafield>
        <datafield tag="710" ind1="2" ind2=" ">
            <subfield code="a">Univerzita Karlova</subfield>
            <subfield code="9">cze</subfield>
            <subfield code="b">Katedra žurnalistiky</subfield>
            <subfield code="g">Fakulta sociálních věd</subfield>
        </datafield>
        <datafield tag="710" ind1="2" ind2=" ">
            <subfield code="a">Charles University</subfield>
            <subfield code="9">eng</subfield>
            <subfield code="b">Department of Journalism</subfield>
            <subfield code="g">Faculty of Social Sciences</subfield>
        </datafield>
        <datafield tag="720" ind1=" " ind2=" ">
            <subfield code="a">Kubiková, Karolína</subfield>
        </datafield>
        <datafield tag="720" ind1=" " ind2=" ">
            <subfield code="i">Čeňková, Jana</subfield>
            <subfield code="e">advisor</subfield>
        </datafield>
        <datafield tag="720" ind1=" " ind2=" ">
            <subfield code="i">Malý, Radek</subfield>
            <subfield code="e">referee</subfield>
        </datafield>
        <datafield tag="856" ind1="4" ind2="0">
            <subfield code="z">Odkaz na původní záznam</subfield>
            <subfield code="u">http://hdl.handle.net/20.500.11956/107892</subfield>
        </datafield>
        <datafield tag="856" ind1="4" ind2="0">
            <subfield code="u">http://www.nusl.cz/ntk/nusl-398853</subfield>
            <subfield code="z">PID NUŠL</subfield>
        </datafield>
        <datafield tag="909" ind1="C" ind2="O">
            <subfield code="o">oai:invenio.nusl.cz:398853</subfield>
            <subfield code="p">etds</subfield>
            <subfield code="p">openaire</subfield>
            <subfield code="p">global</subfield>
        </datafield>
        <datafield tag="980" ind1=" " ind2=" ">
            <subfield code="a">diplomove_prace</subfield>
        </datafield>
        <datafield tag="996" ind1=" " ind2=" ">
            <subfield code="a">Dostupné v digitálním repozitáři UK.</subfield>
            <subfield code="9">1</subfield>
            <subfield code="b">
                Available in the Charles University Digital Repository.
            </subfield>
        </datafield>
        <datafield tag="998" ind1=" " ind2=" ">
            <subfield code="a">univerzita_karlova_v_praze</subfield>
        </datafield>
    </record>