
    <record>
        <controlfield tag="001">189110</controlfield>
        <controlfield tag="005">20190625140638.0</controlfield>
        <datafield tag="856" ind1="4" ind2="0">
            <subfield code="u">http://www.medvik.cz/link/MED00122605</subfield>
            <subfield code="z">Odkaz na původní záznam</subfield>
        </datafield>
        <datafield tag="856" ind1="4" ind2="2">
            <subfield code="u">
                http://kramerius.medvik.cz/search/handle/uuid:MED00122605
            </subfield>
            <subfield code="z">Elektronické umístění souboru</subfield>
        </datafield>
        <datafield tag="856" ind1="4" ind2="0">
            <subfield code="u">http://www.nusl.cz/ntk/nusl-189110</subfield>
            <subfield code="z">PID NUŠL</subfield>
        </datafield>
        <datafield tag="996" ind1=" " ind2=" ">
            <subfield code="a">
                Dokument je dostupný v NLK. Dokument je dostupný též v digitální formě v Digitální knihovně NLK. Přístup
                může být vázán na prohlížení z počítačů NLK.
            </subfield>
            <subfield code="b">
                Available in the National Medical Library. Also available via the NML digital library. Viewing may be
                restricted to NML computers.
            </subfield>
        </datafield>
        <datafield tag="650" ind1=" " ind2="7">
            <subfield code="2">mednas</subfield>
            <subfield code="7">nlk20040148348</subfield>
            <subfield code="a">přírodní vědy</subfield>
        </datafield>
        <datafield tag="650" ind1=" " ind2="7">
            <subfield code="2">mednas</subfield>
            <subfield code="7">nlk20040147252</subfield>
            <subfield code="a">farmacie a farmakologie</subfield>
        </datafield>
        <datafield tag="650" ind1=" " ind2="7">
            <subfield code="2">czmesh</subfield>
            <subfield code="7">D002626</subfield>
            <subfield code="a">chemie farmaceutická</subfield>
        </datafield>
        <datafield tag="650" ind1=" " ind2="7">
            <subfield code="2">czmesh</subfield>
            <subfield code="7">D002620</subfield>
            <subfield code="a">farmakologické a toxikologické jevy a procesy</subfield>
        </datafield>
        <datafield tag="650" ind1=" " ind2="7">
            <subfield code="2">czmesh</subfield>
            <subfield code="7">D004304</subfield>
            <subfield code="a">lékové formy</subfield>
        </datafield>
        <datafield tag="650" ind1=" " ind2="7">
            <subfield code="0">http://psh.ntkcz.cz/skos/PSH13081</subfield>
            <subfield code="2">PSH</subfield>
            <subfield code="a">farmakologie</subfield>
            <subfield code="j">pharmacology</subfield>
        </datafield>
        <datafield tag="300" ind1=" " ind2=" ">
            <subfield code="a">40 s. :</subfield>
        </datafield>
        <datafield tag="598" ind1=" " ind2=" ">
            <subfield code="a">Souhrn angl</subfield>
        </datafield>
        <datafield tag="980" ind1=" " ind2=" ">
            <subfield code="a">disertacni_prace</subfield>
        </datafield>
        <datafield tag="909" ind1="C" ind2="O">
            <subfield code="o">oai:invenio.nusl.cz:189110</subfield>
            <subfield code="p">opengrey</subfield>
            <subfield code="p">global</subfield>
            <subfield code="p">base</subfield>
        </datafield>
        <datafield tag="998" ind1=" " ind2=" ">
            <subfield code="a">narodni_lekarska_knihovna</subfield>
        </datafield>
        <datafield tag="245" ind1="0" ind2="0">
            <subfield code="a">
                Příspěvek k poznání polymorfie farmaceutických substancí
            </subfield>
        </datafield>
        <datafield tag="260" ind1=" " ind2=" ">
            <subfield code="b">[s.n.]</subfield>
        </datafield>
        <datafield tag="720" ind1=" " ind2=" ">
            <subfield code="a">Kratochvíl, Bohumil</subfield>
        </datafield>
        <datafield tag="720" ind1=" " ind2=" ">
            <subfield code="a">Akademie věd České republiky</subfield>
        </datafield>
        <datafield tag="046" ind1=" " ind2=" ">
            <subfield code="k">2004</subfield>
        </datafield>
        <datafield tag="502" ind1=" " ind2=" ">
            <subfield code="c">Vysoká škola chemicko-technologická v Praze</subfield>
        </datafield>
        <datafield tag="041" ind1="0" ind2="7">
            <subfield code="a">cze</subfield>
        </datafield>
        <datafield tag="035" ind1=" " ind2=" ">
            <subfield code="a">oai:medvik.cz:122605</subfield>
        </datafield>
    </record>
</collection>
